@misc{ LASSO,
       author = "R Tibshirani",
       title = "Regression shirinkage and selection via the LASSO",
       journal = "J R Stat Soc",
       pages = "B 58(1):267-288",
       year = "1996" }


@misc{ SINDYP,
       author = "S L Brunton and J L Proctor and J N Kutz",
       title = "Discovering governing equations from data by sparse identification of nonlinear dynamical systems",
       journal = "Proc. Natl. Acad. Sci.",
       pages = "113(15) 3932-3937",
       year = "2016b" }

@misc{ DMDP,
       author = "J H Tu and C W Rowley and D M Luchtenburg and S L Brunton and J N Kutz",
       title = "On dynamic mode decomposition: theory and applications",
       journal = "Journal of Computational Dynamics",
       pages = "1(2), 391â€“421",
       year = "2014" }


@misc{ SINDYCP,
       author = "S L Brunton and J L Proctor and J N Kutz",
       title = "Sparse identification of nonlinear dynamics with control",
       year = "2016" }
